@incollection{adomavicius2011context,
  title={Context-aware recommender systems},
  author={Adomavicius, Gediminas and Tuzhilin, Alexander},
  booktitle={Recommender systems handbook},
  pages={217--253},
  year={2011},
  publisher={Springer}
}

@article{prati2008evaluating,
  title={Evaluating classifiers using ROC curves},
  author={Prati, RC and Batista, GEAPA and Monard, MC},
  journal={IEEE Latin America Transactions},
  volume={2},
  number={6},
  pages={215--222},
  year={2008}
}


@incollection{cichocki2007regularized,
  title={Regularized alternating least squares algorithms for non-negative matrix/tensor factorization},
  author={Cichocki, Andrzej and Zdunek, Rafal},
  booktitle={Advances in Neural Networks--ISNN 2007},
  pages={793--802},
  year={2007},
  publisher={Springer}
}

@inproceedings{bennett2007netflix,
  title={The netflix prize},
  author={Bennett, James and Lanning, Stan},
  booktitle={Proceedings of KDD cup and workshop},
  volume={2007},
  pages={35},
  year={2007}
}

@misc{wiki:krydr,
  author = "Wikipedia",
  title = "Mark Kryder --- Wikipedia{,} The Free Encyclopedia",
  year = "2015",
  url = "https://en.wikipedia.org/w/index.php?title=Mark_Kryder&oldid=678959330",
  note = "[Online; accessed 17-December-2015]"
}

@inproceedings{takacs2012alternating,
  title={Alternating least squares for personalized ranking},
  author={Tak{\'a}cs, G{\'a}bor and Tikk, Domonkos},
  booktitle={Proceedings of the sixth ACM conference on Recommender systems},
  pages={83--90},
  year={2012},
  organization={ACM}
}

@misc{gadm,
  author = "Robert Hijmans",
  title = "GADM database of Global Administrative Areas",
  year = "2015",
  url = "http://gadm.org/"
}

@article{turrin30music,
  title={30Music listening and playlists dataset},
  author={Turrin, Roberto and Quadrana, Massimo and Condorelli, Andrea and Pagano, Roberto and Cremonesi, Paolo}
}

@article{palovics1location,
  title={Location-aware online learning for top-k hashtag recommendation},
  author={Palovics, R{\'o}bert and Szalai, P{\'e}ter and Kocsis, Levente and Pap, J{\'u}lia and Frig{\'o}, Erzs{\'e}bet and Benczur, Andr{\'a}s A},
  journal={Bouros et al.[1]. URL: http://ceur-ws. org},
  volume={1405}
}

@inproceedings{dobos2013multi,
  title={A multi-terabyte relational database for geo-tagged social network data},
  author={Dobos, Lubomir and Szule, Janos and Bodnar, Todd and Hanyecz, Tam{\'a}s and Sebok, Tamas and Kondor, D{\'a}niel and Kallus, Zs{\'o}fia and St{\'e}ger, J{\'o}zsef and Csabai, Istv{\'a}n and Vattay, G{\'a}bor},
  booktitle={Cognitive Infocommunications (CogInfoCom), 2013 IEEE 4th International Conference on},
  pages={289--294},
  year={2013},
  organization={IEEE}
}


@misc{geocoding,
  author = "Google",
  title = "Google Maps Geocoding API",
  year = "2015",
  url = "https://developers.google.com/maps/documentation/geocoding/intro"
}



@misc{twitterapi,
  author = "Twitter",
  title = "Twitter Streaming API",
  year = "2015",
  url = "https://dev.twitter.com/streaming/overview"
}